<collection xmlns="http://www.loc.gov/MARC21/slim">
<record>
  <leader>01309nam0a22002771i 450 </leader>
  <controlfield tag="001">IT\ICCU\CNCE\068697</controlfield>
  <controlfield tag="005">20070406000000.0</controlfield>
  <datafield tag="012" ind1=" " ind2=" ">
    <subfield code="a">n.r. n.n. n.n. n.n. (C) 1586 (R)</subfield>
    <subfield code="2">fei</subfield>
  </datafield>
  <datafield tag="100" ind1=" " ind2=" ">
    <subfield code="a">20061027d1586        0itac0103    ba</subfield>
  </datafield>
  <datafield tag="101" ind1=" " ind2=" ">
    <subfield code="a">LAT</subfield>
  </datafield>
  <datafield tag="102" ind1=" " ind2=" ">
    <subfield code="a">IT</subfield>
  </datafield>
  <datafield tag="200" ind1="1" ind2=" ">
    <subfield code="a">Praetia rerum medicinalium facta per d. abbatem consules ac sindicos venerandi Collegii d. aromatariorum ciuitatis, et ducatus Mediolani. Pro anno 1586</subfield>
  </datafield>
  <datafield tag="210" ind1=" " ind2=" ">
    <subfield code="a">Mediolani</subfield>
    <subfield code="c">apud Iacobum Piccaiam</subfield>
    <subfield code="d">1586</subfield>
  </datafield>
  <datafield tag="215" ind1=" " ind2=" ">
    <subfield code="a">\4! c.</subfield>
    <subfield code="d">4ʻ</subfield>
  </datafield>
  <datafield tag="620" ind1=" " ind2=" ">
    <subfield code="a">IT</subfield>
    <subfield code="d">Milano</subfield>
  </datafield>
  <datafield tag="710" ind1="0" ind2="2">
    <subfield code="a">Collegio degli speziali</subfield>
    <subfield code="c"> &lt;Milano&gt;</subfield>
    <subfield code="3">IT\ICCU\CNCT\003368</subfield>
  </datafield>
  <datafield tag="712" ind1="0" ind2="0">
    <subfield code="a">Piccaglia, Giacomo</subfield>
    <subfield code="3">IT\ICCU\CNCT\000413</subfield>
    <subfield code="4">650</subfield>
  </datafield>
  <datafield tag="791" ind1="0" ind2="2">
    <subfield code="a">Collegium aromatariorum Mediolani</subfield>
    <subfield code="3">15390</subfield>
    <subfield code="z">Collegio degli speziali &lt;Milano&gt;</subfield>
  </datafield>
  <datafield tag="791" ind1="0" ind2="2">
    <subfield code="a">Societas et universitas aromatariorum Mediolani</subfield>
    <subfield code="3">15391</subfield>
    <subfield code="z">Collegio degli speziali &lt;Milano&gt;</subfield>
  </datafield>
  <datafield tag="791" ind1="0" ind2="0">
    <subfield code="a">Picalea, Iacobus</subfield>
    <subfield code="3">IT\ICCU\CNCT\002508</subfield>
    <subfield code="z">Piccaglia, Giacomo</subfield>
  </datafield>
  <datafield tag="791" ind1="0" ind2="0">
    <subfield code="a">Piccaia, Giacomo</subfield>
    <subfield code="3">IT\ICCU\CNCT\002509</subfield>
    <subfield code="z">Piccaglia, Giacomo</subfield>
  </datafield>
  <datafield tag="791" ind1="0" ind2="0">
    <subfield code="a">Picaglia, Giacomo</subfield>
    <subfield code="3">IT\ICCU\CNCT\005418</subfield>
    <subfield code="z">Piccaglia, Giacomo</subfield>
  </datafield>
  <datafield tag="791" ind1="0" ind2="0">
    <subfield code="a">Piccaius, Iacobus</subfield>
    <subfield code="3">IT\ICCU\CNCT\005419</subfield>
    <subfield code="z">Piccaglia, Giacomo</subfield>
  </datafield>
  <datafield tag="791" ind1="0" ind2="0">
    <subfield code="a">Piccalia, Iacobus</subfield>
    <subfield code="3">IT\ICCU\CNCT\005420</subfield>
    <subfield code="z">Piccaglia, Giacomo</subfield>
  </datafield>
  <datafield tag="801" ind1=" " ind2="3">
    <subfield code="a">IT</subfield>
    <subfield code="b">ICCU</subfield>
    <subfield code="c">20201115</subfield>
  </datafield>
  <datafield tag="899" ind1=" " ind2=" ">
    <subfield code="a">Biblioteca Ambrosiana. Milano</subfield>
    <subfield code="1">MI0133</subfield>
    <subfield code="2">VBA 01</subfield>
  </datafield>
</record>
</collection>
